
@article{blockchain,
  title={Blockchain},
  author={Nofer, Michael and Gomber, Peter and Hinz, Oliver and Schiereck, Dirk},
  journal={Business \& Information Systems Engineering},
  volume={59},
  number={3},
  pages={183--187},
  year={2017},
  publisher={Springer}
}

@article{bitcoin,
  title={Bitcoin: A peer-to-peer electronic cash system},
  author={Nakamoto, Satoshi},
  journal={Decentralized Business Review},
  pages={21260},
  year={2008}
}

@article{smartContracts,
  title={An overview on smart contracts: Challenges, advances and platforms},
  author={Zheng, Zibin and Xie, Shaoan and Dai, Hong-Ning and Chen, Weili and Chen, Xiangping and Weng, Jian and Imran, Muhammad},
  journal={Future Generation Computer Systems},
  volume={105},
  pages={475--491},
  year={2020},
  publisher={Elsevier}
}